%% This BibTeX bibliography file was created using BibDesk.
%% http://bibdesk.sourceforge.net/


%% Created for Lauro Cesar Araujo at 2013-04-05 08:03:49 -0300 


%% Saved with string encoding Unicode (UTF-8) 
@misc{welch1995introduction,
  title={An introduction to the Kalman filter},
  author={Welch, Greg and Bishop, Gary and others},
  year={1995},
  publisher={Citeseer}
}
@article{dos2017implementaccao,
  title={Implementa{\c{c}}{\~a}o em c: filtro de kalman, fus{\~a}o de sensores para determina{\c{c}}{\~a}o de {\^a}ngulos},
  author={dos Santos Oliveira, Waldri and Gon{\c{c}}alves, Eduardo Nunes},
  journal={ForScience},
  volume={5},
  number={3},
  year={2017}
}
@article{becker2019design,
  title={Design of an Extended Kalman Filter for an Autonomous Sailboat},
  author={Becker, Miguel Budag and others},
  year={2019},
  publisher={Florian{\'o}polis, SC.}
}
@ARTICLE{5545413,
  author={D. {Chwa}},
  journal={IEEE Transactions on Systems, Man, and Cybernetics - Part A: Systems and Humans}, 
  title={Tracking Control of Differential-Drive Wheeled Mobile Robots Using a Backstepping-Like Feedback Linearization}, 
  year={2010},
  volume={40},
  number={6},
  pages={1285-1295},}
@book{thrun2000probabilistic,
  title={Probabilistic robotics},
  author={Thrun, Sebastian and Burgard, Wolfram and Fox, Dieter},
  volume={1},
  year={2000},
  publisher={MIT press Cambridge}
}
@ARTICLE{i3e, 
author={IEEE}, 
journal={IEEE}, 
title={IEEE Standard Test Procedure for Polyphase Induction Motors and Generators}, 
year={2004}, 
}

@Book{book,
author = { Chapman, Stephen J. },
title = { Electric machinery fundamentals / Stephen J. Chapman },
edition = {3},
publisher = { McGraw-Hill Boston },
year = { 1999 },
}

@Book{livro,
  title     = {Máquinas Elétricas e Transformadores},
  publisher = {Prentice-Hall},
  author    = {Irving L Kosow},
  volume    = {1},
  edition   = {4},
  year = {1977},
}

@book{ogata2003engenharia,
  title={Engenharia de controle moderno},
  author={Ogata, Katsuhiko and Maya, Paulo {\'A}lvaro and Leonardi, Fabrizio},
  year={2003},
  publisher={Prentice Hall}
}
